<record><leader>00000cas a22000007a 4500</leader><controlfield tag="001">15808359</controlfield><controlfield tag="008">870604d19861989mauwr ne      0   a0eng d</controlfield><datafield ind1=" " ind2=" " tag="010"><subfield code="a">sn 87001035 </subfield></datafield><datafield ind1=" " ind2=" " tag="040"><subfield code="a">NSD</subfield><subfield code="b">eng</subfield><subfield code="c">NSD</subfield><subfield code="d">MGN</subfield><subfield code="d">NSD</subfield><subfield code="d">MGN</subfield><subfield code="d">OCLCQ</subfield></datafield><datafield ind1=" " ind2=" " tag="012"><subfield code="j">1</subfield><subfield code="m">d</subfield></datafield><datafield ind1="1" ind2=" " tag="022"><subfield code="a">0894-055X</subfield><subfield code="l">0894-055X</subfield><subfield code="2">1</subfield></datafield><datafield ind1=" " ind2=" " tag="037"><subfield code="b">Citizen Group Publications, P.O. Box 481, Brookline, MA 02146</subfield></datafield><datafield ind1=" " ind2=" " tag="042"><subfield code="a">nsdp</subfield><subfield code="a">msc</subfield></datafield><datafield ind1=" " ind2="0" tag="222"><subfield code="a">Citizen item</subfield></datafield><datafield ind1="0" ind2="0" tag="245"><subfield code="a">Citizen item.</subfield></datafield><datafield ind1=" " ind2=" " tag="260"><subfield code="a">Brookline, MA :</subfield><subfield code="b">Citizen Group Publications,</subfield></datafield><datafield ind1=" " ind2=" " tag="310"><subfield code="a">Weekly</subfield></datafield><datafield ind1="0" ind2=" " tag="362"><subfield code="a">Vol. 101, no. 8 (Feb. 21, 1986)-v. 104, no. 22 (June 1, 1989).</subfield></datafield><datafield ind1=" " ind2=" " tag="752"><subfield code="a">United States</subfield><subfield code="b">Massachusetts</subfield><subfield code="c">Norfolk</subfield><subfield code="d">Brookline.</subfield></datafield><datafield ind1=" " ind2=" " tag="752"><subfield code="a">United States</subfield><subfield code="b">Massachusetts</subfield><subfield code="c">Suffolk</subfield><subfield code="d">Boston.</subfield></datafield><datafield ind1=" " ind2=" " tag="752"><subfield code="a">United States</subfield><subfield code="b">Massachusetts</subfield><subfield code="c">Suffolk</subfield><subfield code="d">Allston.</subfield></datafield><datafield ind1=" " ind2=" " tag="752"><subfield code="a">United States</subfield><subfield code="b">Massachusetts</subfield><subfield code="c">Suffolk</subfield><subfield code="d">Brighton.</subfield></datafield><datafield ind1="0" ind2="0" tag="780"><subfield code="t">Item (Brookline, Mass.)</subfield><subfield code="x">0747-4083</subfield><subfield code="w">(DLC)sn 84006149</subfield></datafield><datafield ind1="0" ind2="0" tag="785"><subfield code="t">Allston-Brighton citizen (Brookline, Mass. : 1989)</subfield><subfield code="x">1045-7887</subfield><subfield code="w">(DLC)sn 89008416</subfield></datafield></record>